@article{Jones2003HHH,
    author = {Jones, S. Peyton (ed.)},
    title = {Haskell 98 Language and Libraries --- The Revised Report},
    publisher = {Cambridge University Press},
    url = {https://www.haskell.org/onlinereport/},
    year = {2003}
}

@inproceedings{Wadler1985HRF,
    author = {Wadler, Philip},
    title = {How to Replace Failure by a List of Successes},
    year = {1985},
    isbn = {3387159754},
    publisher = {Springer-Verlag},
    booktitle = {Proc. of a Conference on Functional Programming Languages and Computer Architecture},
    pages = {113–128},
    numpages = {16},
}
  
@inproceedings{Brassel2008FFL,
    author = {Brassel, Bernd and Fischer, Sebastian},
    year = {2008},
    month = {09},
    pages = {25-42},
    title = {From Functional Logic Programs to Purely Functional Programs Preserving Laziness},
    volume = {5836},
}

@inproceedings{Hudak2007history,
    author = {Paul Hudak and John Hughes and Simon Peyton Jones and Philip Wadler},
    title = {A history of Haskell: Being lazy with class},
    booktitle = {In Proceedings of the 3rd ACM SIGPLAN Conference on History of Programming Languages (HOPL-III},
    year = {2007},
    pages = {1--55},
    publisher = {ACM Press}
}

@article{Nerode1998LFA,
    author = {Nerode, Anil and A. Shore, Richard},
    title = {Logic for Applications},
    year = {1998},
    publisher = {Kluwer Academic Publishers},
    volume = {7},
    journal = {J. of Logic, Lang. and Inf.},
    month = apr,
    pages = {228–229},
}

@book{Lipovaca2011LYAH,
    author = {Lipovaca, Miran},
    title = {Learn You a Haskell for Great Good! A Beginner’s Guide},
    year = {2011},
    publisher = {No Starch Press},
}

@inproceedings{Bernd2011FCL,
    author="Bra{\ss}el, Bernd
    and Hanus, Michael
    and Peem{\"o}ller, Bj{\"o}rn
    and Reck, Fabian",
    title="KiCS2: A New Compiler from Curry to Haskell",
    booktitle="Functional and Constraint Logic Programming",
    year="2011",
    publisher="Springer Berlin Heidelberg",
    pages="1--18",
}

@article{Hanus2016CIF,
    author = {Hanus, Michael (ed.)},
    title = {Curry: An Integrated Functional Logic Language},
    url = {https://web.cecs.pdx.edu/~antoy/Courses/TPFLP/report.pdf},
    year = {2016}
}

@inbook{Vyatkin2018TRC,
    author = {Lozov, Petr and Vyatkin, Andrei and Boulytchev, Dmitri},
    year = {2018},
    month = {04},
    pages = {39-58},
    title = {Typed Relational Conversion}
}

@inproceedings{Varju2012UCL,
    author = {Varju, Zoltan and Littauer, Richard and Erins, Peteris},
    year = {2012},
    month = {02},
    pages = {},
    title = {Using Clojure in Linguistic Computing}
}

@article{Near2008TAP,
    title = "alphaleanTAP: A Declarative Theorem Prover for First-Order Classical Logic",
    author = "Near, Joseph and and Byrd, William E. and Friedman, Daniel",
    year = "2008",
    month = dec,
    pages = "238--252",
    publisher = {Springer-Verlag},
}

@misc{MacLennan1981IRP,
  title = {Introduction to relational programming},
  author = {MacLennan,, Bruce, J.},
  year = {1981},
  publisher = {Calhoun}
}

@inproceedings{Hanus2012SSF,
    author       = {Hanus, M. and Peem{\"o}ller, B. and Reck, F.},
    title        = {Search Strategies for Functional Logic Programming},
    year         = {2012},
    booktitle    = {Proc. of the 5th Working Conference on Programming Languages (ATPS'12)},
    pages        = {61-74},
    publisher    = {Springer LNI 199},
}

@book{Malpas1987prolog,
  title={Prolog: A Relational Language and Its Applications},
  author={Malpas, J.},
  series={Prentice-Hall international editions},
  year={1987},
  publisher={Prentice-Hall}
}

@article{Schreye1994TLP,
    title = "Termination of logic programs: the never-ending story",
    journal = "The Journal of Logic Programming",
    volume = "19-20",
    pages = "199 - 260",
    year = "1994",
    author = "Danny de Schreye and Stefaan Decorte",
}

@article{Swift2012XSB,
    title = "XSB: Extending Prolog with tabled logic programming",
    author = "Swift, Terrance and Warren, David S.",
    year = "2012",
    month = jan,
    volume = "12",
    pages = "157--187",
    journal = "Theory and Practice of Logic Programming",
    publisher = "Cambridge University Press"
}


@article{Wielemaker2012TPL,
    title={SWI-Prolog}, 
    volume={12},
    number={1-2},
    journal={Theory and Practice of Logic Programming},
    publisher={Cambridge University Press}, 
    author={Wielemaker, Jan and Schrijvers, Tom and Triska, Markus and Lager, Torbjörn}, 
    year={2012}, 
    pages={67–96}
}

@inproceedings{Nadathur1988OLP,
    author = {Nadathur, Gopalan and Miller, Dale},
    year = {1988},
    month = {06},
    pages = {810-827},
    title = {An Overview of Lambda-Prolog}
}

@article{Lin1997ASC,
    title = {Applications of the Situation Calculus To Formalizing Control and Strategic Information: The Prolog Cut Operator},
    author = {Lin, Fangzhen},
    year = {1997},
    month = {11},
    volume = {103},
    journal = {Artificial Intelligence},
}

@article{Kosarev2018TER,
    title = {Typed Embedding of a Relational Language in OCaml},
    author = {Kosarev, Dmitrii and Boulytchev, Dmitri},
    year = {2018},
    month = {12},
    pages = {1-22},
    volume = {285},
    journal = {Electronic Proceedings in Theoretical Computer Science},
}

@book{Friedman2005TRS,
    title = {The Reasoned Schemer},
    author = {Friedman, Daniel P. and Byrd, William E. and Kiselyov, Oleg},
    year = {2005},
    publisher = {The MIT Press}
}

@article{Byrd2009RPM,
    title = {Relational Programming in miniKanren: Techniques, Applications, and Implementations},
    author = {Byrd, William},
    year = {2009},
    month = {09}
}

@article{Bellia1986TRB,
    title = "The relation between logic and functional languages: a survey",
    journal = "The Journal of Logic Programming",
    volume = "3",
    number = "3",
    pages = "217 - 236",
    year = "1986",
    author = "Bellia, Marco and Levi, Giorgio",
}

@article{Matsushita1997FCO,
    title={Functional Counterparts of some Logic Programming Techniques},
    author={Matsushita, Tatsuru and Runciman, Colin},
    year={1997}
}

@article{Marchiori1995the,
	title={The functional side of logic programming},
	author={Marchiori, Massimo},
	journal={FPCA},
	pages={55--65},
	year={1995}
}

@inproceedings{Thiemann1997AUF,
    title={A Unified Framework for Binding-Time Analysis},
    author={Peter Thiemann},
    booktitle={TAPSOFT},
    year={1997}
}

@article{SOMOGYI199617,
    title = "The execution algorithm of mercury, an efficient purely declarative logic programming language",
    journal = "The Journal of Logic Programming",
    volume = "29",
    pages = "17 - 64",
    year = "1996",
    author = "Zoltan Somogyi and Fergus Henderson and Thomas Conway"
}

@inproceedings{hemann2013ukanren,
    title={uKanren: A Minimal Functional Core for Relational Programming},
    author={Hemann, Jason and Friedman, Daniel P.},
    year={2013}
}

@article{kiselyov2005bit,
    title = {Backtracking, Interleaving, and Terminating Monad Transformers: (Functional Pearl)},
    author = {Kiselyov, Oleg and Shan, Chung-chieh and Friedman, Daniel P. and Sabry, Amr},
    year = {2005},
    publisher = {Association for Computing Machinery},
    address = {New York, NY, USA},
    volume = {40},
    journal = {SIGPLAN Not.},
    month = sep,
    pages = {192–203},
}

@inproceedings{byrd2017unified,
    title={A Unified Approach to Solving Seven Programming Problems (Functional Pearl)},
    author={Byrd, William E. and Ballantyne, Usamichael and Rosenblatt, Usagregory and Might, Matthew},
    booktitle={Relational Programming Workshop},
    year={2017}
}

@inproceedings{lozov2019relational,
    title={Relational Interpreters for Search Problems},
    author={Lozov, Petr and Verbitskaia, Ekaterina and Boulytchev, Dmitry},
    booktitle={Relational Programming Workshop},
    pages={43},
    year={2019}
}

@book{jones1993partial,
    title={Partial evaluation and automatic program generation},
    author={Jones, Neil D and Gomard, Carsten K and Sestoft, Peter},
    year={1993},
    publisher={Peter Sestoft}
}

@inproceedings{rozplokhas2019certified,
    title={Certified Semantics for miniKanren},
    author={Rozplokhas, Dmitry and Vyatkin, Andrey and Boulytchev, Dmitry},
    booktitle={miniKanren and Relational Programming Workshop},
    pages={80},
    year={2019}
}

@incollection{vanhoof2004binding,
    title={Binding-time analysis for Mercury},
    author={Vanhoof, Wim and Bruynooghe, Maurice and Leuschel, Michael},
    booktitle={Program Development in Computational Logic},
    pages={189--232},
    year={2004},
    publisher={Springer}
}

@inproceedings{kam1977monotone,
    title={Monotone Data Flow Analysis Frameworks},
    author={Kam, John B. and Ullman, Jeffrey D.},
    booktitle={Acta Informatica},
    pages={305--317},
    year={1977},
    publisher={Springer}
}

@inproceedings{leuschel2004prolog,
    title = {Specialising Interpreters Using Offline Partial Deduction},
    author = {Leuschel, Michael and Craig, Stephen-John and Bruynooghe, Maurice and Vanhoof, Wim},
    year = {2004},
    month = {01},
    pages = {340-375},
    volume = {3049},
    journal = {Lecture Notes in Computer Science},
    doi = {10.1007/978-3-540-25951-0_11}
}