@inproceedings{omm,
 author = "Stephen Dolan and KC Sivaramakrishnan and Anil Madhavapeddy",
 title = "Bounding Data Races in Space and Time",
 booktitle = "Proceedings of the 39th ACM SIGPLAN Conference on Programming Language Design and Implementation",
 year = "2018",
 langid = {english},
}

@article{imm,
 author = {Podkopaev, Anton and Lahav, Ori and Vafeiadis, Viktor},
 title = {Bridging the Gap Between Programming Languages and Hardware Weak Memory Models},
 journal = {Proc. ACM Program. Lang.},
 issue_date = {January 2019},
 volume = {3},
 number = {POPL},
 month = jan,
 year = {2019},
 issn = {2475-1421},
 pages = {69:1--69:31},
 articleno = {69},
 numpages = {31},
 url = {http://doi.acm.org/10.1145/3290382},
 doi = {10.1145/3290382},
 acmid = {3290382},
 publisher = {ACM},
 address = {New York, NY, USA},
 keywords = {C11 memory model, IMM, Weak memory consistency, promising semantics},
 langid = {english},
} 

@article{rc11,
 author = {Lahav, Ori and Vafeiadis, Viktor and Kang, Jeehoon and Hur, Chung-Kil and Dreyer, Derek},
 title = {Repairing Sequential Consistency in {C/C++11}},
 journal = {SIGPLAN Not.},
 issue_date = {June 2017},
 volume = {52},
 number = {6},
 month = jun,
 year = {2017},
 issn = {0362-1340},
 pages = {618--632},
 numpages = {15},
 url = {http://doi.acm.org/10.1145/3140587.3062352},
 doi = {10.1145/3140587.3062352},
 acmid = {3062352},
 publisher = {ACM},
 address = {New York, NY, USA},
 keywords = {C++11, Weak memory models, declarative semantics, sequential consistency},
 langid = {english},
}

@misc{imm-repo,
  author = {Podkopaev, Anton and Lahav, Ori and Namakonov, Egor},
  title = {Intermediate Memory Model},
  year = {2019},
  publisher = {GitHub},
  journal = {GitHub repository},
  howpublished = {\url{https://github.com/weakmemory/imm}},
 langid = {english},
  }

@misc{hahn-repo,
  author = {Vafeiadis, Viktor and Lahav, Ori and Podkopaev, Anton},
  title = {Hahn library},
  year = {2020},
  publisher = {GitHub},
  journal = {GitHub repository},
  howpublished = {\url{https://github.com/vafeiadis/hahn/}},
  langid = {english},
  }

@misc{imm-repo-anon,
  title = {Coq formalization of the {Intermediate Memory Model} and its compilation correctness proofs},
  year = 2019,
  publisher = {GitHub},
  journal = {GitHub repository},
  howpublished = {\url{https://github.com/weakmemory/imm}},
  langid = {english},
 }


@inproceedings{cpp,
  author =        {Mark Batty and Scott Owens and Susmit Sarkar and
                   Peter Sewell and Tjark Weber},
  booktitle =     {POPL 2011},
  pages =         {55--66},
  publisher =     {ACM},
  title =         {Mathematizing {C++} Concurrency},
  year =          {2011},
  doi = {10.1145/1925844.1926394},
 langid = {english},
}

@inproceedings{jmm,
  author =        {Jeremy Manson and William Pugh and Sarita V. Adve},
  booktitle =     {POPL 2005},
  pages =         {378--391},
  publisher =     {ACM},
  title =         {The {Java} Memory Model},
  year =          {2005},
  doi =           {10.1145/1040305.1040336},
 langid = {english},
}

@Article{sc,
author = {Lamport, Leslie},
title = {How to Make a Multiprocessor Computer That Correctly Executes Multiprocess Programs},
year = {1979},
month = {September},
url = {https://www.microsoft.com/en-us/research/publication/make-multiprocessor-computer-correctly-executes-multiprocess-programs/},
pages = {690-691},
journal = {IEEE Transactions on Computers C-28},
volume = {9},
 langid = {english},
}

@InProceedings{x86,
author="Owens, Scott and Sarkar, Susmit and Sewell, Peter", editor="Berghofer, Stefan and Nipkow, Tobias and Urban, Christian and Wenzel, Makarius",
title="A Better x86 Memory Model: {x86-TSO}",
booktitle="Theorem Proving in Higher Order Logics",
year="2009",
publisher="Springer Berlin Heidelberg",
address="Berlin, Heidelberg",
pages="391--407",
isbn="978-3-642-03359-9",
 langid = {english},
}

@article{power,
 author = {Alglave, Jade and Maranget, Luc and Tautschnig, Michael},
 title = {Herding Cats: Modelling, Simulation, Testing, and Data Mining for Weak Memory},
 journal = {ACM Trans. Program. Lang. Syst.},
 issue_date = {July 2014},
 volume = 36,
 number = 2,
 month = jul,
 year = 2014,
 issn = {0164-0925},
 pages = {7:1--7:74},
 articleno = 7,
 numpages = 74,
 url = {http://doi.acm.org/10.1145/2627752},
 doi = {10.1145/2627752},
 acmid = 2627752,
 publisher = {ACM},
 address = {New York, NY, USA},
 keywords = {Concurrency, software verification, weak memory models},
 langid={english},
}

@article{arm,
 author = {Pulte, Christopher and Flur, Shaked and Deacon, Will and French, Jon and Sarkar, Susmit and Sewell, Peter},
 title = {Simplifying {ARM} Concurrency: Multicopy-atomic Axiomatic and Operational Models for {ARMv8}},
 journal = {Proc. ACM Program. Lang.},
 issue_date = {January 2018},
 volume = {2},
 number = {POPL},
 month = dec,
 year = {2017},
 issn = {2475-1421},
 pages = {19:1--19:29},
 articleno = {19},
 numpages = {29},
 url = {http://doi.acm.org/10.1145/3158107},
 doi = {10.1145/3158107},
 acmid = {3158107},
 publisher = {ACM},
 address = {New York, NY, USA},
 keywords = {Axiomatic, Operational, Relaxed Memory Models, Semantics},
 langid = {english}, 
}

@inproceedings{promising,
 author = {Kang, Jeehoon and Hur, Chung-Kil and Lahav, Ori and Vafeiadis, Viktor and Dreyer, Derek},
 title = {A {Promising} Semantics for Relaxed-memory Concurrency},
 booktitle = {Proceedings of the 44th ACM SIGPLAN Symposium on Principles of Programming Languages},
 series = {POPL 2017},
 year = {2017},
 isbn = {978-1-4503-4660-3},
 location = {Paris, France},
 pages = {175--189},
 numpages = {15},
 url = {http://doi.acm.org/10.1145/3009837.3009850},
 doi = {10.1145/3009837.3009850},
 acmid = {3009850},
 publisher = {ACM},
 address = {New York, NY, USA},
 keywords = {C++11, Weak memory models, operational semantics},
 langid = {english},
}

@misc{power-servers,
    author    = "{{IBM Power Systems}}",
    title     = "{IBM} Power Systems Facts and Features:Enterprise and Scale-out Systems with {POWER8} Processor Technology",
    year     = "2018",
    month    = "January",
    howpublished = "\url{https://www.ibm.com/downloads/cas/JDRZDG0A}",
 langid = {english},
}

@article{imm-sc,
author = {Moiseenko, Evgenii and Podkopaev, Anton and Lahav, Ori and Melkonian, Orestis and Vafeiadis, Viktor},
year = {2019},
month = {11},
pages = {Accepted for European Conference on Object-Oriented Programming 2020},
title = {Reconciling Event Structures with Modern Multiprocessors},
 langid = {english},
}

@misc{ldrf-c11,
 author    = "Simon Doherty",
 title     = "Local Data-race Freedom and the {C11} Memory Model",
 year     = 2019,
 month    = {July},
 note = {Surrey Concurrency Workshop},
}

@techreport{js,
  type = {Standard},
  key = {ECMA-262},
month = jun,
year = {2018},
title = {ECMAScript® 2018 Language Specification},
institution = {Ecma General Assembly },
 langid = {english},
}

@article{publication,
 author = {Намаконов, Егор and Подкопаев, Антон},
 title = {Компиляция модели памяти OCaml в Power},
 journal = {Труды ИСП РАН},
 issue_date = {December 2019},
 volume = 31,
 number = 5,
 year = 2019,
 pages = {63--78},
 doi = {10.15514/ISPRAS-2019-31(5)-4},
 langid = {russian},
}

@article{js-mm,
   title={Repairing and mechanising the JavaScript relaxed memory model},
   ISBN={9781450376136},
   url={http://dx.doi.org/10.1145/3385412.3385973},
   DOI={10.1145/3385412.3385973},
   journal={Proceedings of the 41st ACM SIGPLAN Conference on Programming Language Design and Implementation},
   publisher={ACM},
   author={Watt, Conrad and Pulte, Christopher and Podkopaev, Anton and Barbier, Guillaume and Dolan, Stephen and Flur, Shaked and Pichon-Pharabod, Jean and Guo, Shu-yu},
   year={2020},
   month={Jun},
 langid = {english},
}

@misc{cpp-mappings,
  author = {Mark, Batty and Scott, Owens and Susmit, Sarkar and Peter, Sewell and Tjark, Weber},
  title = {C/C++11 mappings to processors},
  year = {2016},
  howpublished = {\url{https://www.cl.cam.ac.uk/~pes20/cpp/cpp0xmappings.html}},
 langid = {english},  
  }

@inbook{four-color,
author = {Gonthier, Georges},
title = {The Four Colour Theorem: Engineering of a Formal Proof},
year = {2008},
isbn = {9783540878261},
publisher = {Springer-Verlag},
address = {Berlin, Heidelberg},
url = {https://doi.org/10.1007/978-3-540-87827-8_28},
booktitle = {Computer Mathematics: 8th Asian Symposium, ASCM 2007, Singapore, December 15-17, 2007. Revised and Invited Papers},
pages = {333},
numpages = {1},
langid = {english},
}
  
@article{compcert,
  author = {Xavier Leroy},
  title = {Formal verification of a realistic compiler},
  journal = {Communications of the ACM},
  year = 2009,
  volume = 52,
  number = 7,
  pages = {107--115},
  url = {http://xavierleroy.org/publi/compcert-CACM.pdf},
  urlpublisher = {http://doi.acm.org/10.1145/1538788.1538814},
  hal = {http://hal.archives-ouvertes.fr/inria-00415861/},
  pubkind = {journal-int-mono},
  langid = {english},  
}

@InProceedings{x86-reorderings,
author="Lahav, Ori and Vafeiadis, Viktor", editor="Fitzgerald, John and Heitmeyer, Constance and Gnesi, Stefania and Philippou, Anna",
title="Explaining Relaxed Memory Models with Program Transformations",
booktitle="FM 2016: Formal Methods",
year="2016",
publisher="Springer International Publishing",
address="Cham",
pages="479--495",
isbn="978-3-319-48989-6",
langid = {english},
}

@inproceedings{omm-stm,
author = {Dongol, Brijesh and Jagadeesan, Radha and Riely, James},
title = {Modular Transactions: Bounding Mixed Races in Space and Time},
year = {2019},
isbn = {9781450362252},
publisher = {Association for Computing Machinery},
address = {New York, NY, USA},
url = {https://doi.org/10.1145/3293883.3295708},
doi = {10.1145/3293883.3295708},
booktitle = {Proceedings of the 24th Symposium on Principles and Practice of Parallel Programming},
pages = {82–93},
numpages = {12},
location = {Washington, District of Columbia},
series = {PPoPP ’19},
langid = {english},
}

@misc{coq-description,
    author    = "Coq development team",
    title     = "The Coq Proof Assistant",
    howpublished = {\url{https://coq.inria.fr/}},
    langid = {english},
}
